<?xml version="1.0" encoding="UTF-8"?>
<record xmlns="http://www.loc.gov/MARC21/slim" xmlns:xsi="http://www.w3.org/2001/XMLSchema-instance" xsi:schemaLocation="http://www.loc.gov/MARC21/slim http://www.loc.gov/standards/marcxml/schema/MARC21slim.xsd">
<leader>00000cam a22      a 4500</leader>
<controlfield tag="001">001680262</controlfield>
<controlfield tag="003">NNU</controlfield>
<controlfield tag="005">20141020171437.0</controlfield>
<controlfield tag="008">851025s1968    iq       b    000 0 ara</controlfield>
<datafield tag="010" ind1=" " ind2=" ">
<subfield code="a">ne 68003118</subfield>
</datafield>
<datafield tag="035" ind1=" " ind2=" ">
<subfield code="a">(OCoLC)12719830</subfield>
<subfield code="z">(OCoLC)123273721</subfield>
</datafield>
<datafield tag="040" ind1=" " ind2=" ">
<subfield code="a">DLC</subfield>
<subfield code="b">eng</subfield>
<subfield code="c">OSU</subfield>
<subfield code="d">OSU</subfield>
<subfield code="d">IUL</subfield>
<subfield code="d">EUM</subfield>
<subfield code="d">OCLCA</subfield>
<subfield code="d">OCLCQ</subfield>
<subfield code="d">NNU</subfield>
</datafield>
<datafield tag="050" ind1=" " ind2="4">
<subfield code="a">PJ7696.M3</subfield>
<subfield code="b">Z9</subfield>
</datafield>
<datafield tag="100" ind1="1" ind2=" ">
<subfield code="6">880-01</subfield>
<subfield code="a">Ṣaffār, Ibtisām Marhūn.</subfield>
</datafield>
<datafield tag="245" ind1="1" ind2="0">
<subfield code="6">880-02</subfield>
<subfield code="a">Mālik wa-Mutammim, ibnā Nuwayrah al-Yarbūʻī /</subfield>
<subfield code="c">taʼlīf Ibtisām Marhūn al-Ṣaffār.</subfield>
</datafield>
<datafield tag="264" ind1=" " ind2="1">
<subfield code="6">880-03</subfield>
<subfield code="a">Baghdād :</subfield>
<subfield code="b">Maṭbaʻat al-Irshād,</subfield>
<subfield code="c">1968.</subfield>
</datafield>
<datafield tag="300" ind1=" " ind2=" ">
<subfield code="a">160 pages ;</subfield>
<subfield code="c">24 cm</subfield>
</datafield>
<datafield tag="336" ind1=" " ind2=" ">
<subfield code="a">text</subfield>
<subfield code="b">txt</subfield>
<subfield code="2">rdacontent</subfield>
</datafield>
<datafield tag="337" ind1=" " ind2=" ">
<subfield code="a">unmediated</subfield>
<subfield code="b">n</subfield>
<subfield code="2">rdamedia</subfield>
</datafield>
<datafield tag="338" ind1=" " ind2=" ">
<subfield code="a">volume</subfield>
<subfield code="b">nc</subfield>
<subfield code="2">rdacarrier</subfield>
</datafield>
<datafield tag="504" ind1=" " ind2=" ">
<subfield code="a">Includes bibliographical references (pages 139-152).</subfield>
</datafield>
<datafield tag="600" ind1="0" ind2="0">
<subfield code="6">880-04</subfield>
<subfield code="a">Mālik ibn Nuwayrah,</subfield>
<subfield code="d">active 7th century.</subfield>
</datafield>
<datafield tag="600" ind1="0" ind2="0">
<subfield code="6">880-05</subfield>
<subfield code="a">Mutammim ibn Nuwayrah,</subfield>
<subfield code="d">-approximately 650.</subfield>
</datafield>
<datafield tag="700" ind1="0" ind2=" ">
<subfield code="6">880-06</subfield>
<subfield code="a">Mālik ibn Nuwayrah,</subfield>
<subfield code="d">active 7th century.</subfield>
</datafield>
<datafield tag="700" ind1="0" ind2=" ">
<subfield code="6">880-07</subfield>
<subfield code="a">Mutammim ibn Nuwayrah,</subfield>
<subfield code="d">-approximately 650.</subfield>
</datafield>
<datafield tag="776" ind1="0" ind2="8">
<subfield code="i">Online version:</subfield>
<subfield code="a">Ṣaffār, Ibtisām Marhūn.</subfield>
<subfield code="t">Mālik wa-Mutammim, ibnā Nuwayrah al-Yarbūʻī.</subfield>
<subfield code="d">Baghdād : Maṭbaʻat al-Irshād, 1968</subfield>
<subfield code="w">(OCoLC)580792041</subfield>
</datafield>
<datafield tag="880" ind1="1" ind2=" ">
<subfield code="6">100-01/</subfield>
<subfield code="a">صفار، ابتسام مرهون.</subfield>
</datafield>
<datafield tag="880" ind1="1" ind2="0">
<subfield code="6">245-02/</subfield>
<subfield code="a">مالك ومتمم ابنا نويرة اليربوعي /</subfield>
<subfield code="c">تأليف ابتسام مرهون الصفار.</subfield>
</datafield>
<datafield tag="880" ind1=" " ind2="1">
<subfield code="6">264-03/</subfield>
<subfield code="a">بغداد :</subfield>
<subfield code="b">مطبعة الإرشاد،</subfield>
<subfield code="c">1968.</subfield>
</datafield>
<datafield tag="880" ind1="0" ind2="4">
<subfield code="6">600-04/</subfield>
<subfield code="a">مالك بن نويرة،</subfield>
<subfield code="d">active 7th century.</subfield>
</datafield>
<datafield tag="880" ind1="0" ind2="4">
<subfield code="6">600-05/</subfield>
<subfield code="a">متمم بن نويرة،,</subfield>
<subfield code="d">-approximately 650.</subfield>
</datafield>
<datafield tag="880" ind1="0" ind2=" ">
<subfield code="6">700-06/</subfield>
<subfield code="a">مال بن نويرة،</subfield>
<subfield code="d">active 7th century.</subfield>
</datafield>
<datafield tag="880" ind1="0" ind2=" ">
<subfield code="6">700-07/</subfield>
<subfield code="a">متمم بن نويرة،</subfield>
<subfield code="d">-approximately 650.</subfield>
</datafield>
<datafield tag="OWN" ind1=" " ind2=" ">
<subfield code="a">GENERAL</subfield>
</datafield>
<datafield tag="AVA" ind1=" " ind2=" ">
<subfield code="a">NYU50</subfield>
<subfield code="b">BOBST</subfield>
<subfield code="c">Main Collection</subfield>
<subfield code="d">PJ7696.M3 Z9</subfield>
<subfield code="e">unavailable</subfield>
<subfield code="t">Unavailable</subfield>
<subfield code="f">1</subfield>
<subfield code="g">1</subfield>
<subfield code="h">N</subfield>
<subfield code="i">0</subfield>
<subfield code="j">MAIN</subfield>
<subfield code="k">0</subfield>
</datafield>
</record>
